


@article{loas,
	title={8.742, DE 7 DE DEZEMBRO DE 1993},
	author={BRASIL, LEI N{\textordmasculine}},
	journal={Disp{\~o}e sobre a organiza{\c{c}}{\~a}o da Assist{\^e}ncia Social e d{\'a} outras provid{\^e}ncias. Brasil: Imprensa Oficial},
	year={1993}
}

@article{loas2011,
	title={Lei n{\textordmasculine} 12.435, de 6 de Julho de 2011. Altera a lei no 8.742, de 7 de dezembro de 1993, que disp{\~o}e sobre a organiza{\c{c}}{\~a}o da Assist{\^e}ncia Social},
	author={Brasil},
	journal={Di{\'a}rio Oficial da Rep{\'u}blica Federativa do Brasil},
	year={2011}
}

@article{bpcstf,
	title={O benef{\'\i}cio de presta{\c{c}}{\~a}o continuada no Supremo Tribunal Federal},
	author={Penalva, Jana{\'\i}na and Diniz, Debora and Medeiros, Marcelo},
	journal={Sociedade e Estado},
	volume={25},
	number={1},
	pages={53--70},
	year={2010},
	publisher={SciELO Brasil}
}

@techreport{medeiros2009mudancca,
	title={Mudan{\c{c}}a do conceito de fam{\'\i}lia do benef{\'\i}cio de presta{\c{c}}{\~a}o continuada},
	author={Medeiros, Marcelo and Granja, F{\'a}bio Henrique and Sawaya Neto, Melchior},
	year={2009},
	institution={Texto para Discuss{\~a}o, Instituto de Pesquisa Econ{\^o}mica Aplicada (IPEA)}
}

@article{fambpcfreitas,
	title={Avalia{\c{c}}{\~a}o do efeito da mudan{\c{c}}a do conceito de fam{\'\i}lia BPC},
	author={de Freitas, Alo{\'\i}sio Joaquim and Sawyer, Diana Oya and de Carvalho, Jos{\'e} Alberto Magno and Queiroz, Bernardo Lanza and Agostinho, C{\'\i}ntia Sim{\~o}es and da Concei{\c{c}}{\~a}o M{\'a}ximo, Geovane},
	journal={Avalia{\c{c}}{\~a}o de pol{\'\i}ticas e programas do MDS--resultados},
	pages={237},
	year={2007}
}

@techreport{metodologiaOsorio2011,
	title={Uma metodologia para simular o Programa Bolsa Fam{\'\i}lia},
	author={de Souza, Pedro HGF and Os{\'o}rio, Rafael G and Soares, Sergei SD},
	year={2011},
	institution={Texto para Discuss{\~a}o, Instituto de Pesquisa Econ{\^o}mica Aplicada (IPEA)}
}

@article{barros2006pobreza,
	title={Pobreza multidimensional no Brasil},
	author={Barros, Ricardo Paes de and Carvalho, Mirela de and Franco, Samuel},
	year={2006},
	publisher={Instituto de Pesquisa Econ{\^o}mica Aplicada (Ipea)}
}

@article{diniz2006deficiencia,
	title={Defici{\^e}ncia, cuidado e justi{\c{c}}a distributiva},
	author={Diniz, Debora and Squinca, Fl{\'a}via and Medeiros, Marcelo},
	journal={Fontes M, Costa S, Squinca F, organizadores. T{\'o}picos em bio{\'e}tica. Bras{\'\i}lia: Editora Letras Livres},
	pages={82--94},
	year={2006}
}

@article{unicef2012iniciativa,
	title={Iniciativa Global Pelas Crian{\c{c}}as fora da Escola},
	author={UNICEF and others},
	journal={Bras{\'\i}lia, UNICEF},
	year={2012}
}

@article{zoghbi2007analise,
	title={Uma an{\'a}lise sobre os efeitos cruzados da habita{\c{c}}{\~a}o e da infra-estrutura em rela{\c{c}}{\~a}o {\`a} sa{\'u}de},
	author={Zoghbi, Ana Carolina Pereira and Moriconi, Gabriela Miranda and Vladimir Fernandes Maciel},
	journal={Anais eletr{\^o}nicos do 31{\textordmasculine} Enanpad},
	year={2007}
}

@article{diaz2003desigualdades,
	title={Desigualdades socioecon{\^o}micas na sa{\'u}de},
	author={Diaz, Maria Dolores M},
	journal={Revista brasileira de economia},
	volume={57},
	number={1},
	pages={7--25},
	year={2003},
	publisher={SciELO Brasil}
}

@article{humphries2000income,
	title={Income-related health inequality in Canada},
	author={Humphries, Karin H and Van Doorslaer, Eddy},
	journal={Social science \& medicine},
	volume={50},
	number={5},
	pages={663--671},
	year={2000},
	publisher={Elsevier}
}

@article{neri2002desigualdade,
	title={Desigualdade social e sa{\'u}de no Brasil. Social Inequality and Health in Brazil},
	author={Neri, Marcelo and Soares, Wagner},
	journal={Cadernos de Sa{\'u}de P{\'u}blica},
	year={2002},
	publisher={SciELO Brasil}
}

@inbook{acordaoSTFBPC,
	title={Acórdão do Recurso Extraordinário 580.963 PR},
	author={Brasil},
	publisher = {Supremo Tribunal Federal},
	url={http://redir.stf.jus.br/paginadorpub/paginador.jsp?docTP=TP&docID=4864062},
	urldate = {2017-06-09},
	year={2013}
}

@mastersthesis{adriana2016,
	author     =     {Adriana Maia Venturini},
	title     =     {{A remodelação da política social do Benefício de Prestação Continuada pelo Judiciário}},
	school     =     {Instituto de Pesquisa Econômica Aplicada, Programa de Pós-Graduação em Políticas Públicas e Desenvolvimento},
	address     =     {Brasília},
	year     =     {2016},
	type = {Mestrado profissional em Políticas Púlicas e Desenvolvimento}
}

@book{brasil1988,
	address={Brasília, DF},
	organization={Brasil},
	publisher={Senado},
	title={Constituição da República Federativa do Brasil},
	type={Constituição (1988)},
	year={1988}}

@article{decretoloas2016,
	title={Decreto nº 8.805, de 7 de julho de 2016},
	author={Brasil},
	subtitle={Altera o Regulamento do Benefício de Prestação Continuada, aprovado pelo Decreto no 6.214, de 26 de setembro de 2007},
	year={2016}
}

@article{lei_idoso2003,
	title={Lei n{\textordmasculine} 10.741, de 1{\textordmasculine} de Outubro de 2003. Dispõe sobre o Estatuto do Idoso e dá outras providências},
	author={Brasil},
	journal={Presidência da República},
	year={2003}
}

@article{onu2006convention,
	title={Convention on the Rights of Persons with Disabilities},
	author={ONU},
	journal={GA Res},
	volume={61},
	pages={106},
	year={2006}
}

@techreport{bolettim_BPC2015,
	address={Bras{\’\i}lia, DF},
	organization={Brasil. {Ministerio do Desenvolvimento Social e Combate à Fome}},
	pages={66},
	title={Boletim Benefício de Prestação Continuada da Assistência Social },
	year={2015},
	url={http://redir.stf.jus.br/paginadorpub/paginador.jsp?docTP=TP&docID=4864062},
urldate = {2017-06-09}
}

@article{acao1232,
	title={Procuradoria Geral da República. Ação Direta de Inconstitucionalidade
	n. 1232, Distribuída em 24 de fevereiro de 1995 e julgada em 27 de
	agosto de 1998.},
	author={Brasil},
	journal={Diário da Justiça},
	year={1998}
}

@article{silva2012judicializaccao,
	title={A judicializa{\c{c}}{\~a}o do benef{\'\i}cio de presta{\c{c}}{\~a}o continuada da assist{\^e}ncia social},
	author={da Silva, Naiane Louback},
	year={2012},
	publisher={SciELO Brasil}
}

@article{aguinsky2006judicializaccao,
	title={Judicializa{\c{c}}{\~a}o da quest{\~a}o social: rebatimentos nos processos de trabalho dos assistentes sociais no Poder Judici{\'a}rio},
	author={Aguinsky, Beatriz Gershenson and Alencastro, Ecleria Huff de},
	journal={Revista Kat{\'a}lysis},
	volume={9},
	number={1},
	pages={19--26},
	year={2006}
}


@book{feres2001metodo,
	title={El m{\'e}todo de las necesidades b{\'a}sicas insatisfechas (NBI) y sus aplicaciones en Am{\'e}rica Latina},
	author={Feres, Juan Carlos and Mancero, Xavier},
	year={2001},
	publisher={Cepal}
}

@article{lopes2003indicador,
	title={Indicador de pobreza: aplica{\c{c}}{\~a}o de uma abordagem multidimensional ao caso brasileiro},
	author={Lopes, Helger Marra and Macedo, Paulo Br{\'\i}gido Rocha and Machado, Ana Fl{\'a}via and others},
	journal={Texto para Discuss{\~a}o},
	number={223},
	year={2003}
}

@book{rocha2003pobreza,
	title={Pobreza no Brasil: afinal, de que se trata?},
	author={Rocha, Sonia},
	year={2003},
	publisher={FGV Editora}, 
	address={São Paulo}
}

@book{medeiros2012medidas,
	title={Medidas de desigualdade e pobreza},
	author={Medeiros, Marcelo},
	year={2012},
	publisher={Editora Universidade de Bras{\'\i}lia},
		address={Brasília}
}

@article{kageyama2006pobreza,
	title={Pobreza no Brasil: uma perspectiva multidimensional},
	author={Kageyama, Angela and Hoffmann, Rodolfo},
	journal={Economia e Sociedade},
	volume={15},
	number={1},
	pages={79--112},
	year={2006}
}

@article{sen1983poor,
	title={Poor, relatively speaking},
	author={Sen, Amartya},
	journal={Oxford economic papers},
	volume={35},
	number={2},
	pages={153--169},
	year={1983},
}

@techreport{pnud1990,
	title={Human Development Report 1990},
	author={PNUD. {Programa das Nações Unidas}},
	year={1990},
	institution={Oxford University},
	adsress={New York}
}

@article{soares2009metodologias,
	title={Metodologias para estabelecer a linha de pobreza: objetivas, subjetivas, relativas e multidimensionais},
	author={Soares, Sergei Suarez Dillon},
	year={2009},
	publisher={Instituto de Pesquisa Econ{\^o}mica Aplicada (Ipea)}
}